<?xml version="1.0" encoding="UTF-8"?><collection xmlns="http://www.loc.gov/MARC21/slim"><record><leader>00395nam--2200133-i-4500</leader><controlfield tag="001">000010677</controlfield><controlfield tag="002">20161230</controlfield><controlfield tag="005">20161230201028</controlfield><controlfield tag="008">060222s1000------------r-----000-0-eng-d</controlfield><datafield ind1=" " ind2=" " tag="080"><subfield code="a">616:621.039.83</subfield></datafield><datafield ind1=" " ind2=" " tag="100"><subfield code="a">Bardelay, Gilles</subfield></datafield><datafield ind1=" " ind2=" " tag="245"><subfield code="a">Contribution a l`etude de la synoviorthese iso topique. these</subfield></datafield><datafield ind1=" " ind2=" " tag="260"><subfield code="a">Reims, Univ. De Reims, Faculte De Medicine, 1972. 84 P. + Xiii Pl</subfield></datafield><datafield ind1=" " ind2=" " tag="852"><subfield code="a">38974</subfield></datafield></record></collection>